@misc{stack_overflow_2020, title={Stack Overflow Developer Survey 2020}, url={https://insights.stackoverflow.com/survey/2020}, journal={Stack Overflow}, author={StackOverflow}, year={2020}, month={Feb}}
@misc{branscombe_2019, title={Why TypeScript Is Growing More Popular}, url={https://thenewstack.io/typescript-getting-popular/}, journal={The New Stack}, author={Branscombe, Mary}, year={2019}, month={Feb}}
@misc{foley_2012a, title={Who built Microsoft TypeScript and why}, url={https://www.zdnet.com/article/who-built-microsoft-typescript-and-why/}, journal={ZDNet}, publisher={ZDNet}, author={Foley, Mary Jo}, year={2012}, month={Oct}}
@misc{hiwarale_2020, title={A beginner's guide to TypeScript (with history)}, url={https://medium.com/jspoint/typescript-a-beginners-guide-6956fe8bcf9e}, journal={Medium}, publisher={JsPoint}, author={Hiwarale, Uday}, year={2020}, month={Sep}}
@misc{k_2018, title={Rethinking Atwood's Law}, url={https://medium.com/@jayaprabhakar/rethinking-atwoods-law-64a894b54aa4}, journal={Medium}, publisher={Medium}, author={K, Jayaprabhakar}, year={2018}, month={Jan}}
@misc{cassel_2019, title={A Conversation with the Creators Behind Python, Java, TypeScript, and Perl}, url={https://thenewstack.io/a-conversation-with-the-creators-behind-python-java-typescript-and-perl/}, journal={The New Stack}, author={Cassel, David}, year={2019}, month={Apr}}
@misc{turner_2014, title={New Compiler and Moving to GitHub}, url={https://devblogs.microsoft.com/typescript/new-compiler-and-moving-to-github/}, journal={TypeScript}, author={Turner, Jonathan}, year={2014}, month={Jul}}
@misc{thotw_2020, title={The 10-Day Programming Language (Is Kind of a Myth)}, url={https://thehistoryoftheweb.com/the-10-day-programming-language-is-a-myth/}, journal={The History of the Web}, author={Hoffmann, Jay}, year={2019}, month={October}}
@misc{microsoft_2020, title={Contributing guidelines}, url={https://github.com/microsoft/TypeScript/blob/master/CONTRIBUTING.md}, journal={GitHub}, author={Microsoft}, year={2020}, month={Aug}}
@misc{microsoft_2014, title={License}, url={https://github.com/microsoft/TypeScript/blob/master/LICENSE.txt}, journal={GitHub}, author={Microsoft}, year={2014}, month={Jul}}
@misc{microsoft, title={Contributors}, url={https://github.com/microsoft/TypeScript/graphs/contributors}, journal={GitHub}, author={Microsoft}}
@misc{typescript, title={TypeScript Community}, url={https://www.typescriptlang.org/community}, journal={TypeScript}, author={Microsoft}}
@misc{lorenzen_2018, title={Release process?}, url={https://github.com/Microsoft/TypeScript/issues/25639#issuecomment-404889860}, journal={GitHub}, author={Hegazy, Mohamed}, year={2018}, month={Jul}}
@misc{manager_rosenwasser_10_27_2019, title={TypeScript's New Release Cadence}, url={https://devblogs.microsoft.com/typescript/typescripts-new-release-cadence/}, journal={TypeScript}, author={Rosenwasser, Daniel}, year={2019}, month={Feb}}
@misc{foley_2012b, title={Microsoft takes the wraps off TypeScript, a superset of JavaScript}, url={https://www.zdnet.com/article/microsoft-takes-the-wraps-off-typescript-a-superset-of-javascript/}, journal={ZDNet}, publisher={ZDNet}, author={Foley, Mary Jo}, year={2012}, month={Oct}}
@misc{pennington_2018, title={Steve Ballmer was right about open source}, url={https://blog.tidelift.com/steve-ballmer-was-right-about-open-source}, journal={Blog}, publisher={Tidelift}, author={Pennington, Havoc}, year={2018}, month={Mar}}
@misc{tung_2020, title={TypeScript creator: How the programming language beat Microsoft's open-source fears}, url={https://www.zdnet.com/article/typescript-creator-how-the-programming-language-beat-microsofts-open-source-fears/}, journal={ZDNet}, publisher={ZDNet}, author={Tung, Liam}, year={2020}, month={Sep}}
